@misc{saturationUTXO,
      author = {Tacotime},
      title = {Saturation of Unspent Transaction Outputs (Накопление непотраченных выходов транзакций)},
      month = {September},
      year = {2014},
      url = {https://bitcointalk.org/index.php?topic=789978.msg8904862#msg8904862}
}
@misc{visaTPS,
    author={Manny Trillo},
    title={Stress Test Prepares VisaNet for the Most Wonderful Time of the Year},
    month={October},
    year={2013},
    url={http://www.visa.com/blogarchives/us/2013/10/10/stress-test-prepares-visanet-for-the-most-wonderful-time-of-the-year/index.html}
}
@article{nakamoto2008bitcoin,
  title={Bitcoin: A peer-to-peer electronic cash system},
  author={Nakamoto, Satoshi}
}
@article{massey1996estimating,
  title={Estimating the parameters of a nonhomogeneous Poisson process with linear rate},
  author={Massey, William A and Parker, Geraldine A and Whitt, Ward},
  journal={Telecommunication Systems},
  volume={5},
  number={2},
  pages={361--388},
  year={1996},
  publisher={Springer}
}
@inproceedings{decker2013information,
  title={Information propagation in the bitcoin network},
  author={Decker, Christian and Wattenhofer, Roger},
  booktitle={Peer-to-Peer Computing (P2P), 2013 IEEE Thirteenth International Conference on},
  pages={1--10},
  year={2013},
  organization={IEEE}
}
@incollection{rivest2001leak,
  title={How to leak a secret (Как узнать секрет)},
  author={Rivest, Ronald L and Shamir, Adi and Tauman, Yael},
  booktitle={Advances in Cryptology-ASIACRYPT 2001},
  pages={552--565},
  year={2001},
  publisher={Springer}
}
@book{johnson1977urn,
  title={Urn models and their application: an approach to modern discrete probability theory (Модели урн и их применение: подход к современной теории дискретной вероятности)},
  author={Johnson, Norman Lloyd and Kotz, Samuel},
  year={1977},
  publisher={Wiley New York}
}
@article{klamkin1967extensions,
  title={Extensions of the birthday surprise},
  author={Klamkin, MS and Newman, DJ},
  journal={Journal of Combinatorial Theory},
  volume={3},
  number={3},
  pages={279--282},
  year={1967},
  publisher={Elsevier}
}
@inproceedings{miers2013zerocoin,
  title={Zerocoin: Anonymous distributed e-cash from bitcoin (Zerocoin: анонимная распределённая электронная валюта на базе Bitcoin)},
  author={Miers, Ian and Garman, Christina and Green, Matthew and Rubin, Aviel D},
  booktitle={Security and Privacy (SP), 2013 IEEE Symposium on},
  pages={397--411},
  year={2013},
  organization={IEEE}
}
@techreport{chainReactions,
  title={MRL-0001: A Note on Chain Reactions in Traceability in CryptoNote 2.0 (MRL-0001: Возможная цепная реакция, связанная с отслеживаемостью, в рамках протокола CryptoNote 2.0)},
  author={Noether, Surae and Noether, Sarang and Mackenzie, Adam}
}
@techreport{block202612,
  title={Counterfeiting via Merkle Tree Exploits within Virtual Currencies Employing the CryptoNote Protocol},
  author={Macheta, Jan and Noether, Surae and Noether, Sarang and Smooth, Javier}
}
@techreport{moneroNotMysterious,
  title={Monero is Not That Mysterious},
  author={Noether, Shen}
}
@techreport{sdcWhitePaper,
  title={ShadowCash: ZeroÂ­knowledge Anonymous Distributed EÂ­Cash
via Traceable Ring Signatures},
  author={Rynomster and Tecnovert}
}
