@book{masteringbitcoin,
  TITLE = {Mastering Bitcoin (Овладевая Bitcoin)},
  SUBTITLE = {Programming the open blockchain},
  AUTHOR = {Antonopoulos, Andreas},
  YEAR = {2017}, 
  PUBLISHER = {O'Reilly Media, Inc.}
}

@book{masteringethereum,
  TITLE = {Mastering Ethereum (Овладевая Ethereum)},
  SUBTITLE = {Implementing digital contracts},
  AUTHOR = {Antonopoulos, Andreas and Wood, Gavin},
  YEAR = {2018}, 
  PUBLISHER = {O'Reilly Media, Inc.}
}

@book{masteringmonero,
  TITLE = {Mastering Monero (Овладевая Monero)},
  SUBTITLE = {The future of private currency},
  AUTHOR = {SerHack},
  YEAR = {2018}, 
  PUBLISHER = {Lernolibro LLC}
}

@book{ztm2,
  TITLE = {Zero to Monero: Second edition v2.0.0 (Monero с нуля: второе издание v2.0.0)},
  SUBTITLE = {A technical guide to a private digital currency for beginners, amateurs, and experts},
  AUTHOR = {Koe, and Alonso, Kurt M. and Noether, Sarang},
  YEAR = {2020}, 
  howpublished={\url{https://web.getmonero.org/library/Zero-to-Monero-2-0-0.pdf}
}



@misc{zcashprotocol,
    author = {Hopwood, Daira and Bowe, Sean, and Hornby, Taylor and Wilcox, Nathan},
    title = {Zcash Protocol Specification, version Version 2020.1.14 (Спецификация протокола Zcash. Версия 2020.1.14)},
    year = {2020},
    howpublished={\url{https://raw.githubusercontent.com/zcash/zips/master/protocol/protocol.pdf}}}

@misc{noPID,
    author = {Транзакция из основной сети Monero c62c6707f5f12939456b3df3839b6b8a6102fe331bdaaf3241ae2d7f5fdf4c2b},
    year = {block 2180052 on 2020-09-05},
    howpublished={\url{https://xmrchain.net/tx/C62C6707F5F12939456B3DF3839B6B8A6102FE331BDAAF3241AE2D7F5FDF4C2B}}}

@misc{uPID,
    author = {Транзакция из основной сети Monero 6d2bcb7a61b002cf8ad695f459cf56546c55809d719d96d48ae48ea74c98be21},
    year = {block 2176830 on 2020-09-01},
    howpublished={\url{https://xmrchain.net/tx/6D2BCB7A61B002CF8AD695F459CF56546C55809D719D96D48AE48EA74C98BE21}}}


@misc{bernsteinwhitepaper,
 author = {Bernstein, Daniel J.},
    title = {"Quantum attacks against Blue Midnight Wish, ECHO, Fugue, Grøstl, Hamsi, JH, Keccak, Shabal, SHAvite-3, SIMD, and Skein (Квантовые атаки на Blue Midnight Wish, ECHO, Fugue, Grøstl, Hamsi, JH, Keccak, Shabal, SHAvite-3, SIMD и Skein)},
    month = November,
    year = {2010},
    howpublished={\url{cr.yp.to/papers.html#quantumsha3}}
    }


%bibitem 0
@article{gidney2019factor,
  title={How to factor 2048 bit rsa integers in 8 hours using 20 million noisy qubits},
  author={Gidney, Craig and Eker{\aa}, Martin},
  journal={arXiv preprint arXiv:1905.09749},
  year={2019}
}
 
%bibitem 1
@misc{emergingTechFromArxiv2019,
    author = {Emerging Technology from the arXiv},
    title = {How a quantum computer could break 2048-bit RSA encryption in 8 hours},
    month = May,
    year = {2019},
    howpublished={\url{https://www.technologyreview.com/2019/05/30/65724/how-a-quantum-computer-could-break-2048-bit-rsa-encryption-in-8-hours/}}
} 
 
% bibitem 2
@article{lanyon2007experimental,
  title={Experimental demonstration of a compiled version of Shor’s algorithm with quantum entanglement},
  author={Lanyon, Ben P. and Weinhold, Till J. and Langford, Nathan K. and Barbieri, Marco and James, Daniel F.V. and Gilchrist, Alexei and White, Andrew G.},
  journal={Physical Review Letters},
  volume={99},
  number={25},
  pages={250505},
  year={2007},
  publisher={APS}
}
 
%bibitem 3
@article{gerjuoy2005shor,
  title={Shor’s factoring algorithm and modern cryptography. An illustration of the capabilities inherent in quantum computers (Алгоритм факторизации Шора и современная криптография. Иллюстрация возможностей квантовых компьютеров)},
  author={Gerjuoy, Edward},
  journal={American journal of physics},
  volume={73},
  number={6},
  pages={521--540},
  year={2005},
  publisher={American Association of Physics Teachers}
}
 
%\bibitem{4} 
@article{ben2018scalable,
  title={Scalable, transparent, and post-quantum secure computational integrity (Целостность масштабируемых, прозрачных постквантовых вычислений)},
  author={Ben-Sasson, Eli and Bentov, Iddo and Horesh, Yinon and Riabzev, Michael},
  journal={IACR Cryptol. ePrint Arch.},
  volume={2018},
  pages={46},
  year={2018}
}
 

%\bibitem{5} 
@inproceedings{esgin2019matrict,
  title={MatRiCT: efficient, scalable and post-quantum blockchain confidential transactions protocol (Matrict: протокол эффективных, масштабируемых и постквантовых конфиденциальных транзакций)},
  author={Esgin, Muhammed F. and Zhao, Raymond K. and Steinfeld, Ron and Liu, Joseph K. and Liu, Dongxi},
  booktitle={Proceedings of the 2019 ACM SIGSAC Conference on Computer and Communications Security},
  pages={567--584},
  year={2019}
}
 

%\bibitem{7} 
@inproceedings{torres2018post,
  title={Post-quantum one-time linkable ring signature and application to ring confidential transactions in blockchain (lattice RingCT v1. 0) (Постквантовая одноразовая связываемая кольцевая подпись и её применение в кольцевых конфиденциальных транзакциях в блокчейне (решётка ringct v1.0))},
  author={Torres, Wilson Abel Alberto and Steinfeld, Ron and Sakzad, Amin and Liu, Joseph K. and Kuchta, Veronika and Bhattacharjee, Nandita and Au, Man Ho and Cheng, Jacob},
  booktitle={Australasian Conference on Information Security and Privacy},
  pages={558--576},
  year={2018},
  organization={Springer}
}
 

%\bibitem{6} 
@inproceedings{petzoldt2020efficient,
  title={Efficient Key Generation for Rainbow (Эффективное генерирование ключей в Rainbow)},
  author={Petzoldt, Albrecht},
  booktitle={International Conference on Post-Quantum Cryptography},
  pages={92--107},
  year={2020},
  organization={Springer}
}

@inproceedings{mohamed2017ringrainbow,
  title={RingRainbow--an efficient multivariate ring signature scheme (RingRainbow - Эффективные схемы многовариантных кольцевых подписей)},
  author={Mohamed, Mohamed Saied Emam and Petzoldt, Albrecht},
  booktitle={International Conference on Cryptology in Africa},
  pages={3--20},
  year={2017},
  organization={Springer}
}
 

@inproceedings{shor1994algorithms,
  title={Algorithms for quantum computation: discrete logarithms and factoring (Алгоритмы для квантовых вычислений: дискретные логарифмы и факторизация)},
  author={Shor, Peter W},
  booktitle={Proceedings 35th annual symposium on foundations of computer science},
  pages={124--134},
  year={1994},
  organization={Ieee}
}
 
@inproceedings{grover1996fast,
  title={A fast quantum mechanical algorithm for database search (Быстрый квантово-механический алгоритм поиска в базах данных)},
  author={Grover, Lov K.},
  booktitle={Proceedings of the twenty-eighth annual ACM symposium on Theory of computing},
  pages={212--219},
  year={1996}
}

@article{simon1997power,
  title={On the power of quantum computation (По вопросу мощности квантовых вычислений)},
  author={Simon, Daniel R.},
  journal={SIAM journal on computing},
  volume={26},
  number={5},
  pages={1474--1483},
  year={1997},
  publisher={SIAM}
}
 
 
@article{proos2003shor,
  title={Shor's discrete logarithm quantum algorithm for elliptic curves (Применение квантового алгоритма решения задачи дискретного логарифмирования Шора к эллиптическим кривым)},
  author={Proos, John and Zalka, Christof},
  journal={arXiv preprint quant-ph/0301141},
  year={2003}
}

@article{mosca2008quantum,
  title={Quantum algorithms (Квантовые алгоритмы)},
  author={Mosca, Michele},
  journal={arXiv preprint arXiv:0808.0369},
  year={2008}
}

@article{bennett1997strengths,
  title={Strengths and weaknesses of quantum computing (Сильные и слабые стороны квантовых вычислений)},
  author={Bennett, Charles H. and Bernstein, Ethan and Brassard, Gilles and Vazirani, Umesh},
  journal={SIAM journal on Computing},
  volume={26},
  number={5},
  pages={1510--1523},
  year={1997},
  publisher={SIAM}
}
 
@inproceedings{koiran2005quantum,
  title={A quantum lower bound for the query complexity of Simon’s problem (Квантовая нижняя граница сложности решения задачи Саймона)},
  author={Koiran, Pascal and Nesme, Vincent and Portier, Natacha},
  booktitle={International Colloquium on Automata, Languages, and Programming},
  pages={1287--1298},
  year={2005},
  organization={Springer}
}
 
 @inproceedings{ruffing2017switch,
  title={Switch commitments: A safety switch for confidential transactions (Переключаемые обязательства: безопасный переход от конфиденциальных транзакций)},
  author={Ruffing, Tim and Malavolta, Giulio},
  booktitle={International Conference on Financial Cryptography and Data Security},
  pages={170--181},
  year={2017},
  organization={Springer}
}
 
 @article{noether2016ring,
  title={Ring confidential transactions (Кольцевые конфиденциальные транзакции)},
  author={Noether, Shen and Mackenzie, Adam and others},
  journal={Ledger},
  volume={1},
  pages={1--18},
  year={2016}
}
 
 @inproceedings{poelstra2018confidential,
  title={Confidential assets},
  author={Poelstra, Andrew and Back, Adam and Friedenbach, Mark and Maxwell, Gregory and Wuille, Pieter},
  booktitle={International Conference on Financial Cryptography and Data Security (Материалы Международной конференции по финансовой криптографии и безопасности данных)},
  pages={43--63},
  year={2018},
  organization={Springer}
}

@inproceedings{pedersen1991non,
  title={Non-interactive and information-theoretic secure verifiable secret sharing (Неинтерактивное и информационно-теоретическое совместное безопасное использование общих секретов с возможностью верификации)},
  author={Pedersen, Torben Pryds},
  booktitle={Annual international cryptology conference},
  pages={129--140},
  year={1991},
  organization={Springer}
}
 
@inproceedings{bogdanov2008time,
  title={Time-Area Optimized Public-Key Engines: MQ-Cryptosystems as Replacement for Elliptic Curves? (Оптимизированные по времени инструменты генерирования публичных ключей: могут ли Mq-криптосистемы заменить системы на основе эллиптических кривых?)},
  author={Bogdanov, Andrey and Eisenbarth, Thomas and Rupp, Andy and Wolf, Christopher},
  booktitle={International Workshop on Cryptographic Hardware and Embedded Systems},
  pages={45--61},
  year={2008},
  organization={Springer}
}
 
@inproceedings{chen2009sse,
  title={SSE implementation of multivariate PKCs on modern x86 CPUs (SSE реализация многовариантных pkcs на современных компьютерах x86)},
  author={Chen, Anna Inn-Tung and Chen, Ming-Shing and Chen, Tien-Ren and Cheng, Chen-Mou and Ding, Jintai and Kuo, Eric Li-Hsiang and Lee, Frost Yu-Shuang and Yang, Bo-Yin},
  booktitle={International Workshop on Cryptographic Hardware and Embedded Systems},
  pages={33--48},
  year={2009},
  organization={Springer}
}
 
@inproceedings{kipnis1999unbalanced,
  title={Unbalanced oil and vinegar signature schemes},
  author={Kipnis, Aviad and Patarin, Jacques and Goubin, Louis},
  booktitle={International Conference on the Theory and Applications of Cryptographic Techniques},
  pages={206--222},
  year={1999},
  organization={Springer}
}
 
 @inproceedings{petzoldtdesign,
  title={Design principles for HFEv-based signature schemes},
  author={Petzoldt, A. and Chen, M.S. and Yang, B.Y. and others},
  booktitle={Advances in Cryptology},
  pages={311--334}
}
 
@article{cleve1998quantum,
  title={Quantum algorithms revisited (Снова о квантовых алгоритмах)},
  author={Cleve, Richard and Ekert, Artur and Macchiavello, Chiara and Mosca, Michele},
  journal={Proceedings of the Royal Society of London. Series A: Mathematical, Physical and Engineering Sciences},
  volume={454},
  number={1969},
  pages={339--354},
  year={1998},
  publisher={The Royal Society}
}

@article{xie2019using,
  title={Using Bernstein--Vazirani algorithm to attack block ciphers},
  author={Xie, Huiqin and Yang, Li},
  journal={Designs, Codes and Cryptography},
  volume={87},
  number={5},
  pages={1161--1182},
  year={2019},
  publisher={Springer}
}

@inproceedings{brassard1997exact,
  title={An exact quantum polynomial-time algorithm for Simon's problem},
  author={Brassard, Gilles and Hoyer, Peter},
  booktitle={Proceedings of the Fifth Israeli Symposium on Theory of Computing and Systems},
  pages={12--23},
  year={1997},
  organization={IEEE}
}

@article{santoli2016using,
  title={Using Simon's algorithm to attack symmetric-key cryptographic primitives (Использование алгоритма Саймона для проведения атак на криптографические примитивы симметричных ключей)},
  author={Santoli, Thomas and Schaffner, Christian},
  journal={arXiv preprint arXiv:1603.07856},
  year={2016}
}
 
 
@inproceedings{cook1971complexity,
  title={The complexity of theorem-proving procedures},
  author={Cook, Stephen A.},
  booktitle={Proceedings of the third annual ACM symposium on Theory of computing},
  pages={151--158},
  year={1971}
}

@article{goldreich1991proofs,
  title={Proofs that yield nothing but their validity or all languages in NP have zero-knowledge proof systems (Доказательства, не доказывающие ничего, кроме собственной действительности, или все языки в NP имеют доказательства с нулевым разглашением)},
  author={Goldreich, Oded and Micali, Silvio and Wigderson, Avi},
  journal={Journal of the ACM (JACM)},
  volume={38},
  number={3},
  pages={690--728},
  year={1991},
  publisher={ACM New York, NY, USA}
}
 
@article{nakamotobitcoin,
  title={Bitcoin: A Peer-to-Peer Electronic Cash System (Bitcoin: одноранговая электронная денежная система)},
  author={Nakamoto, Satoshi}
}
 
 
@article{petzoldt2013multivariate,
  title={A multivariate based threshold ring signature scheme (Схема многовариантных пороговых кольцевых подписей)},
  author={Petzoldt, Albrecht and Bulygin, Stanislav and Buchmann, Johannes},
  journal={Applicable Algebra in Engineering, Communication and Computing},
  volume={24},
  number={3-4},
  pages={255--275},
  year={2013},
  publisher={Springer}
}

@inproceedings{bunz2018bulletproofs,
  title={Bulletproofs: Short proofs for confidential transactions and more (Bulletproofs: компактные доказательства конфиденциальных транзакций и многое другое)},
  author={B{\"u}nz, Benedikt and Bootle, Jonathan and Boneh, Dan and Poelstra, Andrew and Wuille, Pieter and Maxwell, Greg},
  booktitle={2018 IEEE Symposium on Security and Privacy (SP)},
  pages={315--334},
  year={2018},
  organization={IEEE}
}
 
 
@article{demircioglu2020efficient,
  title={Efficient GeMSS Based Ring Signature Scheme (Эффективная схема кольцевой подписи на базе GeMSS)},
  author={Demircioglu, Murat and Akleylek, Sedat and Cenk, Murat},
  journal={Malaysian Journal of Computing and Applied Mathematics},
  volume={3},
  number={1},
  pages={35--39},
  year={2020}
}

@article{bonnetaintight,
  title={Tight Bounds for Simon’s Algorithm (Жёсткие границы алгоритма Саймона)},
  author={Bonnetain, Xavier},
  url={https://eprint.iacr.org/2020/919.pdf}
}
 
 
 @inproceedings{yang2019efficient,
  title={Efficient lattice-based zero-knowledge arguments with standard soundness: Construction and applications (Эффективные аргументы с нулевым разглашением на базе решёток со стандартным уровнем надёжности: построение и применение)},
  author={Yang, Rupeng and Au, Man Ho and Zhang, Zhenfei and Xu, Qiuliang and Yu, Zuoxia and Whyte, William},
  booktitle={Annual International Cryptology Conference},
  pages={147--175},
  year={2019},
  organization={Springer}
}
 
 
@article{mohamed2017efficient,
  title={Efficient Multivariate Ring Signature Schemes.},
  author={Mohamed, Mohamed Saied Emam and Petzoldt, Albrecht and RingRainbow, C},
  journal={IACR Cryptol. ePrint Arch.},
  volume={2017},
  pages={247},
  year={2017}
}
 
@inproceedings{lu2019raptor,
  title={Raptor: a practical lattice-based (linkable) ring signature (Raptor: практическаяч реализация (связываемых) кольцевых подписей на основе решёток)},
  author={Lu, Xingye and Au, Man Ho and Zhang, Zhenfei},
  booktitle={International Conference on Applied Cryptography and Network Security},
  pages={110--130},
  year={2019},
  organization={Springer}
}

@article{boyer1998tight,
  title={Tight bounds on quantum searching (Жёсткие границы квантового поиска)},
  author={Boyer, Michel and Brassard, Gilles and H{\o}yer, Peter and Tapp, Alain},
  journal={Fortschritte der Physik: Progress of Physics},
  volume={46},
  number={4-5},
  pages={493--505},
  year={1998},
  publisher={Wiley Online Library}
}
 
@article{czajkowski2017quantum,
  title={Quantum preimage, 2nd-preimage, and collision resistance of SHA3 (Квантовый прообраз, 2-ой прообраз и устойчивость к конфликтам SHA3)},
  author={Czajkowski, Jan and Bruinderink, Leon Groot and H{\"u}lsing, Andreas and Schaffner, Christian},
  journal={IACR ePrint},
  volume={302},
  pages={2017},
  year={2017}
}
 
@article{bernsteinquantum,
  title={Quantum attacks against Blue Midnight Wish, ECHO, Fugue, Gr{\o}stl, Hamsi, JH, Keccak, Shabal, SHAvite-3, SIMD, and Skein},
  author={Bernstein, Daniel J.}
}
 
@article{kannwischer2020single,
  title={Single-Trace Attacks on Keccak (Атаки на Keccak с одиночной трассировкой)},
  author={Kannwischer, Matthias J. and Pessl, Peter and Primas, Robert},
  journal={IACR Cryptol. ePrint Arch.},
  volume={2020},
  pages={371},
  year={2020}
}

@article{graff2018differential,
  title={Differential Power Analysis In-Practice for Hardware Implementations of the Keccak Sponge Function (Дифференциальный анализ мощности при практической аппаратной реализации функции губки Keccak)},
  author={Graff, Nathaniel},
  year={2018}
}


@inproceedings{boneh2011random,
  title={Random oracles in a quantum world (Применение случайных оракулов в квантовом мире)},
  author={Boneh, Dan and Dagdelen, {\"O}zg{\"u}r and Fischlin, Marc and Lehmann, Anja and Schaffner, Christian and Zhandry, Mark},
  booktitle={International Conference on the Theory and Application of Cryptology and Information Security},
  pages={41--69},
  year={2011},
  organization={Springer}
}
 
@article{canetti2004random,
  title={The random oracle methodology, revisited (Снова о методике применения случайного оракула)},
  author={Canetti, Ran and Goldreich, Oded and Halevi, Shai},
  journal={Journal of the ACM (JACM)},
  volume={51},
  number={4},
  pages={557--594},
  year={2004},
  publisher={ACM New York, NY, USA}
}

@inproceedings{goldwasser2003security,
  title={On the (in) security of the Fiat-Shamir paradigm (По вопросу безопасности в парадигме протокола Фиата-Шамира)},
  author={Goldwasser, Shafi and Kalai, Yael Tauman},
  booktitle={44th Annual IEEE Symposium on Foundations of Computer Science, 2003. Proceedings.},
  pages={102--113},
  year={2003},
  organization={IEEE}
}

@article{galbraith2016recent,
  title={Recent progress on the elliptic curve discrete logarithm problem (Последние успехи в области решения задач дискретного логарифмирования на эллиптических кривых)},
  author={Galbraith, Steven D and Gaudry, Pierrick},
  journal={Designs, Codes and Cryptography},
  volume={78},
  number={1},
  pages={51--72},
  year={2016},
  publisher={Springer}
}
 

@inproceedings{unruh2017post,
  title={Post-quantum security of Fiat-Shamir (Постквантовая безопасность протокола Фиата-Шамира)},
  author={Unruh, Dominique},
  booktitle={International Conference on the Theory and Application of Cryptology and Information Security},
  pages={65--95},
  year={2017},
  organization={Springer}
}

@inproceedings{unruh2015non,
  title={Non-interactive zero-knowledge proofs in the quantum random oracle model (Неинтерактивные доказательства с нулевым разглашением в рамках квантовой модели случайного оракула)},
  author={Unruh, Dominique},
  booktitle={Annual International Conference on the Theory and Applications of Cryptographic Techniques},
  pages={755--784},
  year={2015},
  organization={Springer}
}
 
@article{diffie1976new,
  title={New directions in cryptography (Новые направления в криптографии)},
  author={Diffie, Whitfield and Hellman, Martin},
  journal={IEEE transactions on Information Theory},
  volume={22},
  number={6},
  pages={644--654},
  year={1976},
  publisher={IEEE}
}

@article{biham1991differential,
  title={Differential cryptanalysis of DES-like cryptosystems (Дифференциальный криптоанализ криптосистем, подобных DES)},
  author={Biham, Eli and Shamir, Adi},
  journal={Journal of CRYPTOLOGY},
  volume={4},
  number={1},
  pages={3--72},
  year={1991},
  publisher={Springer}
}

@article{wu2011security,
  title={Security Evaluation against Differential Cryptanalysis for Block Cipher Structures (Оценка безопасности с точки зрения возможности применения дифференциального криптоанализа структур с блочным шифрованием)},
  author={Wu, Shengbao and Wang, Mingsheng},
  journal={IACR Cryptol. ePrint Arch.},
  volume={2011},
  pages={551},
  year={2011}
}
 
@inproceedings{schnorr1989efficient,
  title={Efficient identification and signatures for smart cards (Эффективная идентификация и создание подписей с применением смарт-карт)},
  author={Schnorr, Claus-Peter},
  booktitle={Conference on the Theory and Application of Cryptology},
  pages={239--252},
  year={1989},
  organization={Springer}
}
 
@inproceedings{torres2019lattice,
  title={Lattice RingCT v2. 0 with multiple input and multiple output wallets (Применение решётки ringct v2.0 к кошелькам со множеством входов и выходов)},
  author={Torres, Wilson Alberto and Kuchta, Veronika and Steinfeld, Ron and Sakzad, Amin and Liu, Joseph K. and Cheng, Jacob},
  booktitle={Australasian Conference on Information Security and Privacy},
  pages={156--175},
  year={2019},
  organization={Springer}
}
 