@article{abe,
  title={1-out-of-n signatures from a variety of keys (Подписи, построенные по схеме «1 из n», на основе ряда ключей)},
  author={Abe, Masayuki and Ohkubo, Miyako and Suzuki, Koutarou},
  journal={Advances in Cryptology?Asiacrypt 2002},
  pages={415--432},
  year={2002},
  publisher={Springer Berlin Heidelberg}
}



@misc{B,
  author = {Back, Adam},
  title = {Ring Signature Efficiency (Эффективность кольцевых подписей)},
  howpublished = {\url{https://bitcointalk.org/index.php?topic=972541.msg10619684\#msg10619684}},

  year = {2015},
  note = "[Online; accessed 1-May-2015]"
}


@misc{B2,
  author = {Back, Adam},
  title = {Bitcoins With Homomorphic Value (Validatable But Encrypted) (Вitcoin с гомоморфного достоинства (с возможностью валидации, но зашифрованный))},
  howpublished = {\url{https://bitcointalk.org/index.php?topic=305791.0}},
  year = {2013},
  note = "[Online; accessed 1-May-2015]"
}



@article{CN,
  title={Cryptonote v 2. 0},
  author={van Saberhagen, Nicolas},
  journal={HYPERLINK \url{https://cryptonote.org/whitepaper.pdf}},
  year={2013}
}


@article{DASH,
  title={Darkcoin: PeertoPeer CryptoCurrency with Anonymous Blockchain Transactions and an Improved ProofofWork System (Darkcoin: Одноранговая криптовалюта с возможностью проведения анонимных транзакций в блокчейне и улучшенной системой доказательства работы)},
  author={Duffield, Evan and Hagan, Kyle},
  year={2014}
}

@incollection{FS,
  title={Traceable ring signature (Отслеживание кольцевых подписей)},
  author={Fujisaki, Eiichiro and Suzuki, Koutarou},
  booktitle={Public Key Cryptography--PKC 2007},
  pages={181--200},
  year={2007},
  publisher={Springer}
}

@misc{GMc,
  title={CoinJoin: Bitcoin privacy for the real world (Сoinjoin: анонимность Bitcoin в реальном мире), Август 2013},
  author={Maxwell, Greg},
  howpublished = {Bitcoin Forum. \url{https://bitcointalk.org/index.php?topic=279249.0}},
  year = {2013},
  note = "[Online; accessed 1-July-2015]"
}


@misc{GM,
  title={{Confidential Transactions (Конфиденциальные транзакции)}},
  author={Maxwell, Greg},
  howpublished = {\url{https://people.xiph.org/~greg/confidential_values.txt}},
  year = {2015},
  note = "[Online; accessed 1-June-2015]"
}

@misc{herranz,
    author = "Herranz, Javier",
    title  = "Aggregate Signatures (Агрегированные подписи)",
    month  = "oct",
    year   = "2005",
    howpublished={\url{http://www.iiia.csic.es/~jherranz/papers/Nijmegen_seminar_aggregate.pdf}}
}

@inproceedings{LWW,
  title={Linkable spontaneous anonymous group signature for ad hoc groups (Связываемая подпись спонтанной анонимной группы для специальных групп)},
  author={Liu, Joseph K and Wei, Victor K and Wong, Duncan S},
  booktitle={Information Security and Privacy},
  pages={325--335},
  year={2004},
  organization={Springer}
}

@misc {mrl4,
    author = {Adam Mackenzie and Surae Noether and Monero Core Team (Повышение уровня обфускации протокола CryptoNote)},
    title  = "Improving Obfuscation in the CryptoNote Protocol",
    month  = "January",
    year   = "2015",
    howpublished  =  {\url{"https://lab.getmonero.org/pubs/MRL-0004.pdf"}}
}

@incollection{RST,
  title={How to leak a secret (Как украсть секрет)},
  author={Rivest, Ronald L and Shamir, Adi and Tauman, Yael},
  booktitle={Advances in Cryptology (Прогресс в криптологии)???ASIACRYPT 2001},
  pages={552--565},
  year={2001},
  publisher={Springer}
}

@misc{Snoe,
  author = {Noether, Shen},
  title = {MiniNero},
  year = {2015},
  publisher = {GitHub},
  journal = {GitHub repository},
  howpublished = {\url{https://github.com/ShenNoether/MiniNero}},
  commit = {e2dae45626295c9c49661ab227ee9823b79a6960}
}

@misc{El,
  author = {Maxwell, Greg},
  title = {Elements Project (Проект Elements)},
  year = {2015},
  publisher = {GitHub},
  journal = {GitHub repository},
  howpublished = {\url{https://github.com/ShenNoether/MiniNero}},
  commit = {8c323e0accaad3a1e17296448931ce1d557d9bc5}
}


@article{SN,
  title={Bitcoin: A peer-to-peer electronic cash system (Вitcoin: одноранговая электронная денежная система)},
  author={Nakamoto, Satoshi},
  journal={Consulted},
  volume={1},
  number={2012},
  pages={28},
  year={2008}
}

@inproceedings{Z,
  title={Zerocash: Decentralized anonymous payments from Bitcoin (Zerocash: децентрализованные анонимные платежи на базе Bitcoin)},
  author={Ben Sasson, Eli and Chiesa, Alessandro and Garman, Christina and Green, Matthew and Miers, Ian and Tromer, Eran and Virza, Madars},
  booktitle={Security and Privacy (SP), 2014 IEEE Symposium on},
  pages={459--474},
  year={2014},
  organization={IEEE}
}
