@InProceedings{groth,
author="Groth, Jens
and Kohlweiss, Markulf",
editor="Oswald, Elisabeth
and Fischlin, Marc",
title="One-Out-of-Many Proofs: Or How to Leak a Secret and Spend a Coin (Доказательства по одному из многих или как выведать секрет и потратить монету)",
booktitle="Advances in Cryptology - EUROCRYPT 2015",
year="2015",
publisher="Springer Berlin Heidelberg",
address="Berlin, Heidelberg",
pages="253--280",
isbn="978-3-662-46803-6"
}

@InProceedings{bootle,
author="Bootle, Jonathan
and Cerulli, Andrea
and Chaidos, Pyrros
and Ghadafi, Essam
and Groth, Jens
and Petit, Christophe",
editor="Pernul, G{\"u}nther
and Y A Ryan, Peter
and Weippl, Edgar",
title="Short Accountable Ring Signatures Based on {DDH} (Короткие учитываемые кольцевые подписи на базе {DDH})",
booktitle="Computer Security -- ESORICS 2015",
year="2015",
publisher="Springer International Publishing",
address="Cham",
pages="243--265",
isbn="978-3-319-24174-6"
}

@article{straus,
  title={Addition chains of vectors (problem 5125) (Дополнительные цепочки векторов (задача 5125))},
  author={Straus, Ernst G},
  journal={American Mathematical Monthly},
  volume={70},
  number={806-808},
  pages={16},
  year={1964}
}

@article{pippenger,
  title={On the evaluation of powers and monomials (По вопросу оценки показателей степени и одночленов)},
  author={Pippenger, Nicholas},
  journal={SIAM Journal on Computing},
  volume={9},
  number={2},
  pages={230--250},
  year={1980},
  publisher={SIAM}
}

@inproceedings{bulletproofs,
  title={Bulletproofs: Short proofs for confidential transactions and more ({B}ulletproofs: короткие доказательства конфиденциальных транзакций и многое другое)},
  author={B{\"u}nz, Benedikt and Bootle, Jonathan and Boneh, Dan and Poelstra, Andrew and Wuille, Pieter and Maxwell, Greg},
  booktitle={2018 IEEE Symposium on Security and Privacy (SP)},
  pages={315--334},
  year={2018},
  organization={IEEE}
}

@InProceedings{cramer,
author="Cramer, Ronald
and Damg{\aa}rd, Ivan
and Schoenmakers, Berry",
editor="Desmedt, Yvo G.",
title="Proofs of Partial Knowledge and Simplified Design of Witness Hiding Protocols (Доказательства частичного знания и упрощённая схема протоколов сокрытия свидетельства)",
booktitle="Advances in Cryptology --- CRYPTO '94",
year="1994",
publisher="Springer Berlin Heidelberg",
address="Berlin, Heidelberg",
pages="174--187",
isbn="978-3-540-48658-9"
}

@InProceedings{dodis,
author="Dodis, Yevgeniy
and Yampolskiy, Aleksandr",
editor="Vaudenay, Serge",
title="A Verifiable Random Function with Short Proofs and Keys (Верифицируемая случайная функция с короткими доказательствами и ключами)",
booktitle="Public Key Cryptography - PKC 2005",
year="2005",
publisher="Springer Berlin Heidelberg",
address="Berlin, Heidelberg",
pages="416--431",
isbn="978-3-540-30580-4"
}

@misc{omniring,
    author = {Russell W. F. Lai and Viktoria Ronge and Tim Ruffing and Dominique Schr\"{o}der and Sri Aravinda Krishnan Thyagarajan and Jiafan Wang},
    title = {Omniring: Scaling Up Private Payments Without Trusted Setup - Formal Foundations and Constructions of Ring Confidential Transactions with Log-size Proofs (Оmniring: масштабирование анонимных платежей без доверенных настроек — формальные основы и схемы конфиденциальных транзакций с логарифмически масштабируемыми доказательствами)},
    howpublished = {Cryptology ePrint Archive, Report 2019/580},
    year = {2019},
    note = {\url{https://eprint.iacr.org/2019/580}},
}

@misc{rct3,
    author = {Tsz Hon Yuen and Shi{-}feng Sun and Joseph K. Liu and Man Ho Au and Muhammed F. Esgin and Qingzhao Zhang and Dawu Gu},
    title = {Ring{CT} 3.0 for Blockchain Confidential Transaction: Shorter Size and Stronger Security ({R}ing{CT} 3.0 для проведения конфиденциальных транзакций в блокчейне: меньший размер при более высоком уровне безопасности)},
    howpublished = {Cryptology ePrint Archive, Report 2019/508},
    year = {2019},
    note = {\url{https://eprint.iacr.org/2019/508}},
}

@Article{musig,
author="Maxwell, Gregory
and Poelstra, Andrew
and Seurin, Yannick
and Wuille, Pieter",
title="Simple {S}chnorr multi-signatures with applications to {B}itcoin (Использование простых мультиподписей {Ш}норра в {B}itcoin)",
journal="Designs, Codes and Cryptography",
year="2019",
month="Sep",
day="01",
volume="87",
number="9",
pages="2139--2164",
issn="1573-7586",
doi="10.1007/s10623-019-00608-x",
url="https://doi.org/10.1007/s10623-019-00608-x"
}

@misc{clsag,
    author = {Brandon Goodell and Sarang Noether and Arthur Blue},
    title = {Compact linkable ring signatures and applications (Компактные кольцевые подписи и их применение)},
    howpublished = {Cryptology ePrint Archive, Report 2019/654},
    year = {2019},
    note = {\url{https://eprint.iacr.org/2019/654}},
}

@InProceedings{rivest,
author="Rivest, Ronald L.
and Shamir, Adi
and Tauman, Yael",
editor="Boyd, Colin",
title="How to Leak a Secret (Как узнать секрет)",
booktitle="Advances in Cryptology --- ASIACRYPT 2001",
year="2001",
publisher="Springer Berlin Heidelberg",
address="Berlin, Heidelberg",
pages="552--565",
isbn="978-3-540-45682-7"
}

@InProceedings{bender,
author="Bender, Adam
and Katz, Jonathan
and Morselli, Ruggero",
editor="Halevi, Shai
and Rabin, Tal",
title="Ring Signatures: Stronger Definitions, and Constructions Without Random Oracles (Кольцевые подписи: усиленные определения и структуры без применения случайных оракулов)",
booktitle="Theory of Cryptography",
year="2006",
publisher="Springer Berlin Heidelberg",
address="Berlin, Heidelberg",
pages="60--79",
isbn="978-3-540-32732-5"
}

@InProceedings{backes,
author="Backes, Michael
and D{\"o}ttling, Nico
and Hanzlik, Lucjan
and Kluczniak, Kamil
and Schneider, Jonas",
editor="Ishai, Yuval
and Rijmen, Vincent",
title="Ring Signatures: Logarithmic-Size, No Setup---from Standard Assumptions (Кольцевые подписи: логарифмическое масштабирование без настроек при стандартных допусках)",
booktitle="Advances in Cryptology -- EUROCRYPT 2019",
year="2019",
publisher="Springer International Publishing",
address="Cham",
pages="281--311",
isbn="978-3-030-17659-4"
}

@InProceedings{lsag,
author="Liu, Joseph K.
and Wei, Victor K.
and Wong, Duncan S.",
editor="Wang, Huaxiong
and Pieprzyk, Josef
and Varadharajan, Vijay",
title="Linkable Spontaneous Anonymous Group Signature for Ad Hoc Groups (Связываемая подпись спонтанной анонимной группы для специализированных групп)",
booktitle="Information Security and Privacy",
year="2004",
publisher="Springer Berlin Heidelberg",
address="Berlin, Heidelberg",
pages="325--335",
isbn="978-3-540-27800-9"
}

@InProceedings{fs,
author="Fujisaki, Eiichiro
and Suzuki, Koutarou",
editor="Okamoto, Tatsuaki
and Wang, Xiaoyun",
title="Traceable Ring Signature (Отслеживаемая кольцевая подпись)",
booktitle="Public Key Cryptography -- PKC 2007",
year="2007",
publisher="Springer Berlin Heidelberg",
address="Berlin, Heidelberg",
pages="181--200",
isbn="978-3-540-71677-8"
}

@InProceedings{f,
author="Fujisaki, Eiichiro",
editor="Kiayias, Aggelos",
title="Sub-linear Size Traceable Ring Signatures without Random Oracles (Сублинейные отслеживаемые по размеру кольцевые подписи, не использующие случайного оракула)",
booktitle="Topics in Cryptology -- CT-RSA 2011",
year="2011",
publisher="Springer Berlin Heidelberg",
address="Berlin, Heidelberg",
pages="393--415",
isbn="978-3-642-19074-2"
}

@article{mlsag,
	author = {Shen Noether and Adam Mackenzie and the Monero Research Lab},
	title = {Ring Confidential Transactions (Кольцевые конфиденциальные транзакции)},
	journal = {Ledger},
	volume = {1},
	number = {0},
	year = {2016},
	keywords = {},
	issn = {2379-5980},	pages = {1--18},	doi = {10.5195/ledger.2016.34},
}

@misc{lelantus,
    author = {Aram Jivanyan},
    title = {Lelantus: Towards Confidentiality and Anonymity of Blockchain Transactions from Standard Assumptions ({L}elantus: движение в направлении конфиденциальности и анонимности блокчейн транзакций с учётом стандартных допусков)},
    howpublished = {Cryptology ePrint Archive, Report 2019/373},
    year = {2019},
    note = {\url{https://eprint.iacr.org/2019/373}},
}

@inproceedings{zerocoin,
  title={Zerocoin: Anonymous distributed e-cash from bitcoin ({Z}erocoin: анонимная распределённая электронная валюта на базе {B}itcoin)},
  author={Miers, Ian and Garman, Christina and Green, Matthew and Rubin, Aviel D},
  booktitle={2013 IEEE Symposium on Security and Privacy},
  pages={397--411},
  year={2013},
  organization={IEEE}
}

@article{zcash,
  title={Zcash protocol specification (Спецификация протокола {ZC}ash)},
  author={Hopwood, Daira and Bowe, Sean and Hornby, Taylor and Wilcox, Nathan},
  journal={Tech. rep. 2016--1.10. Zerocoin Electric Coin Company, Tech. Rep.},
  year={2016}
}

@InProceedings{groth16,
author="Groth, Jens",
editor="Fischlin, Marc
and Coron, Jean-S{\'e}bastien",
title="On the Size of Pairing-Based Non-interactive Arguments (По вопросу размера неинтерактивных аргументов, основанных на попарном объединении)",
booktitle="Advances in Cryptology -- EUROCRYPT 2016",
year="2016",
publisher="Springer Berlin Heidelberg",
address="Berlin, Heidelberg",
pages="305--326",
isbn="978-3-662-49896-5"
}

@InProceedings{fiatshamir,
author="Fiat, Amos
and Shamir, Adi",
editor="Odlyzko, Andrew M.",
title="How To Prove Yourself: Practical Solutions to Identification and Signature Problems (Как самостоятельно произвести доказательство — практические решения проблем идентификации и подписи)",
booktitle="Advances in Cryptology --- CRYPTO' 86",
year="1987",
publisher="Springer Berlin Heidelberg",
address="Berlin, Heidelberg",
pages="186--194",
isbn="978-3-540-47721-1"
}

@Article{schnorr,
author="Schnorr, C. P.",
title="Efficient signature generation by smart cards (Создание эффективных подписей при помощи смарт-карт)",
journal="Journal of Cryptology",
year="1991",
month="Jan",
day="01",
volume="4",
number="3",
pages="161--174",
issn="1432-1378",
doi="10.1007/BF00196725",
url="https://doi.org/10.1007/BF00196725"
}