@article{CN,
  title={Cryptonote v 2. 0},
  author={Nicolas van Saberhagen (Николас Ван Саберхаген)},
  journal={Ссылка: \url{https://cryptonote.org/whitepaper.pdf}},
  year={2013}
}

@incollection{Tib2010,
  title={Efficient indifferentiable hashing into ordinary elliptic curves (Эффективное недифференцируемое хеширование на обычных эллиптических кривых)},
  author={Brier, Eric and Coron, Jean-S{\'e}bastien and Icart, Thomas and Madore, David and Randriam, Hugues and Tibouchi, Mehdi},
  booktitle={Advances in Cryptology--CRYPTO 2010 (Опубликовано в «Прогресс в криптологии»)},
  pages={237--254},
  year={2010},
  publisher={Springer}
}

@article{Tib2013,
  title={Indifferentiable deterministic hashing to elliptic and hyperelliptic curves (Недифференцируемое детерминированное хеширование на эллиптических и гиперэллиптических кривых)},
  author={Farashahi, Reza R and Fouque, Pierre-Alain and Shparlinski, Igor and Tibouchi, Mehdi and Voloch, J},
  journal={Mathematics of Computation (Вычислительная математика)},
  volume={82},
  number={281},
  pages={491--512},
  year={2013}
}
