@misc{CerRes10,
  author    = {Research, Certicom},
  url       = {http://www.secg.org/sec2-v2.pdf},
  booktitle = {Standards for Efficient Cryptography},
  date      = {2010},
  title     = {SEC 2: Recommended Elliptic Curve Domain Parameters (Исследования Certicom. РАЗДЕЛ 2: Рекомендуемые доменные параметры эллиптических кривых)},
}

@misc{van2013cryptonote,
  author = {Van Saberhagen, Nicolas},
  date   = {2013},
  title  = {CryptoNote v 2.0},
}

@misc{MoneroStackexchangeSwap,
  author = {PyRulez},
  url    = {https://monero.stackexchange.com/questions/894/can-you-trustlessly-trade-monero-for-bitcoin/895#895},
  date   = {2016},
  title  = {Can you trustlessly trade Monero for Bitcoin?},
}

@misc{oneTimeVES,
  author = {Fournier, Lloyd},
  url    = {https://github.com/LLFourn/one-time-VES/blob/master/main.pdf},
  date   = {2019},
  title  = {One-Time Verifiably Encrypted Signatures, A.K.A. Adaptor Signatures (Одноразовые верифицируемые зашифрованные подписи, также известные как адаптивные подписи)},
}

@misc{btcGrinSwap,
  author = {Sorianos del Pino, Lucas and Fournier, Lloyd},
  url    = {https://github.com/comit-network/grin-btc-poc/blob/master/spec.pdf},
  date   = {2019},
  title  = {Grin-Bitcoin Atomic Swap (Атомные свопы Grin-Bitcoin)},
}

@misc{MRL0010,
  author = {Noether, Sarang},
  url    = {https://web.getmonero.org/resources/research-lab/pubs/MRL-0010.pdf},
  date   = {2018},
  title  = {Discrete logarithm equality across groups (Равенство дискретных логарифмов в группах)},
}

@misc{poelstra-adaptor,
  author = {Poelstra, Andrew},
  url    = {https://download.wpsoftware.net/bitcoin/wizardry/mw-slides/2017-05-milan-meetup/slides.pdf},
  date   = {2017},
  title  = {Scriptless Scripts (Протокол Scriptless Scripts)},
}

@inproceedings{Schnorr:1989:EIS:646754.705037,
  author    = {Schnorr, Claus-Peter},
  location  = {Berlin, Heidelberg},
  publisher = {Springer-Verlag},
  url       = {http://dl.acm.org/citation.cfm?id=646754.705037},
  booktitle = {Proceedings of the 9th Annual International Cryptology Conference on Advances in Cryptology},
  date      = {1990},
  isbn      = {3-540-97317-6},
  pages     = {239--252},
  series    = {CRYPTO '89},
  title     = {Efficient Identification and Signatures for Smart Cards (Эффективная идентификация и подписи для смарт-акрт)},
}

@misc{scriptless-atomic-swap,
  author = {Poelstra, Andrew},
  url    = {https://github.com/ElementsProject/scriptless-scripts/blob/master/md/atomic-swap.md},
  date   = {2017},
  title  = {Adaptor Signatures and Atomic Swaps from Scriptless Scripts (Адаптивные подписи и атомные свопы в рамках протокола Scriptless Scripts)},
}

@misc{dryja2017discreet,
  author = {Dryja, Thaddeus},
  url    = {https://adiabat.github.io/dlc.pdf},
  date   = {2017},
  title  = {Discreet Log Contracts},
}

@misc{atomic-swap,
  author = {Nolan, Tier},
  url    = {https://bitcointalk.org/index.php?topic=193281.msg2224949#msg2224949},
  title  = {Alt chains and atomic transfers (Альтернативные блокчейны и атомные переводы)},
}

@misc{succinct-atomic-swap,
  author = {Somsen, Ruben},
  url    = {https://gist.github.com/RubenSomsen/8853a66a64825716f51b409be528355f},
  title  = {SAS: Succinct Atomic Swap (SAS: сжатый атомный своп)},
}
