@misc{triptych,
    author = {Sarang Noether and Brandon Goodell},
    title = {Triptych: logarithmic-sized linkable ring signatures with applications (Triptych: логарифмически масштабируемые связываемые кольцевые подписи и их применение)},
    howpublished = {Cryptology ePrint Archive, Report 2020/018},
    year = {2020},
    note = {\url{https://eprint.iacr.org/2020/018}},
}

@misc{rct3,
    author = {Tsz Hon Yuen and Shi-feng Sun and Joseph K. Liu and Man Ho Au and Muhammed F. Esgin and Qingzhao Zhang and Dawu Gu},
    title = {{RingCT} 3.0 for Blockchain Conﬁdential Transaction: Shorter Size and Stronger Security (Протокол {RingCT} 3.0 для совершения корнфиденциальных транзакций в блокчейне: повышение компактности и уровня безопасности)},
    howpublished = {Cryptology ePrint Archive, Report 2019/508},
    year = {2019},
    note = {\url{https://eprint.iacr.org/2019/508}},
}

@inproceedings{zerocash,
    title={Zerocash: Decentralized anonymous payments from {B}itcoin ({Z}erocash: система децентрализованных анонимных платежей на базе {B}itcoin)},
    author={Sasson, Eli Ben and Chiesa, Alessandro and Garman, Christina and Green, Matthew and Miers, Ian and Tromer, Eran and Virza, Madars},
    booktitle={2014 IEEE Symposium on Security and Privacy},
    pages={459--474},
    year={2014},
    organization={IEEE}
}

@inproceedings{zerocoin,
    title={Zerocoin: Anonymous distributed e-cash from {B}itcoin ({Z}erocoin: анонимная распределённая электронная валюта на базе {B}itcoin)},
    author={Miers, Ian and Garman, Christina and Green, Matthew and Rubin, Aviel D},
    booktitle={2013 IEEE Symposium on Security and Privacy},
    pages={397--411},
    year={2013},
    organization={IEEE}
}

@misc{lelantus,
    author = {Aram Jivanyan},
    title = {Lelantus: Towards Confidentiality and Anonymity of Blockchain Transactions from Standard Assumptions ({L}elantus: как обеспечить конфиденциальность и анонимность транзакций в блокчейне при стандартных допусках)},
    howpublished = {Cryptology ePrint Archive, Report 2019/373},
    year = {2019},
    note = {\url{https://eprint.iacr.org/2019/373}},
}

@misc{cryptonote,
    author={Van Saberhagen, Nicolas},
    title={{CryptoNote} v 2.0},
    year={2013},
    note = {\url{https://cryptonote.org/whitepaper.pdf}},
}

@article{ringct,
    title={Ring confidential transactions (Кольцевые конфиденциальные транзакции)},
    author={Noether, Shen and Mackenzie, Adam and others},
    journal={Ledger},
    volume={1},
    pages={1--18},
    year={2016}
}

@inproceedings{liu,
    title={Linkable spontaneous anonymous group signature for ad hoc groups (Связываемая подпись спонтанной анонимной группы для специальных групп)},
    author={Liu, Joseph K and Wei, Victor K and Wong, Duncan S},
    booktitle={Australasian Conference on Information Security and Privacy},
    pages={325--335},
    year={2004},
    organization={Springer}
}

@inproceedings{groth,
    title={One-out-of-many proofs: Or how to leak a secret and spend a coin},
    author={Groth, Jens and Kohlweiss, Markulf},
    booktitle={Annual International Conference on the Theory and Applications of Cryptographic Techniques (Доказательства по «одному из множества» или как раскрыть секрет и потратить монету)},
    pages={253--280},
    year={2015},
    organization={Springer}
}

@inproceedings{bootle,
    title={Short accountable ring signatures based on {DDH} (Компактные проверяемые кольцевые подписи на базе {DDH})},
    author={Bootle, Jonathan and Cerulli, Andrea and Chaidos, Pyrros and Ghadafi, Essam and Groth, Jens and Petit, Christophe},
    booktitle={European Symposium on Research in Computer Security},
    pages={243--265},
    year={2015},
    organization={Springer}
}

@inproceedings{omniring,
    title={Omniring: Scaling Private Payments Without Trusted Setup ({O}mniring: масштабирование приватных платежей без доверенных настроек)},
    author={Lai, Russell WF and Ronge, Viktoria and Ruffing, Tim and Schr{\"o}der, Dominique and Thyagarajan, Sri Aravinda Krishnan and Wang, Jiafan},
    booktitle={Proceedings of the 2019 ACM SIGSAC Conference on Computer and Communications Security},
    pages={31--48},
    year={2019}
}

@inproceedings{bulletproofs,
    title={Bulletproofs: Short proofs for confidential transactions and more (Вulletproofs: компактные доказательства для конфиденциальных транзакций и многого другого)},
    author={B{\"u}nz, Benedikt and Bootle, Jonathan and Boneh, Dan and Poelstra, Andrew and Wuille, Pieter and Maxwell, Greg},
    booktitle={2018 IEEE Symposium on Security and Privacy (SP)},
    pages={315--334},
    year={2018},
    organization={IEEE}
}

@InProceedings{fiat,
author="Fiat, Amos
and Shamir, Adi",
editor="Odlyzko, Andrew M.",
title="How To Prove Yourself: Practical Solutions to Identification and Signature Problems (Как доказать что вы, это вы: практические решения задач идентификации и подписи)",
booktitle="Advances in Cryptology --- CRYPTO' 86",
year="1987",
publisher="Springer Berlin Heidelberg",
address="Berlin, Heidelberg",
pages="186--194",
isbn="978-3-540-47721-1"
}

@article{straus,
  title={Addition chains of vectors (problem 5125) (Добавление последовательностей векторов (задача 5125))},
  author={Straus, Ernst G},
  journal={American Mathematical Monthly},
  volume={70},
  number={806-808},
  pages={16},
  year={1964}
}

@article{pippenger,
  title={On the evaluation of powers and monomials (По вопросу оценки показателей степени и одночленов)},
  author={Pippenger, Nicholas},
  journal={SIAM Journal on Computing},
  volume={9},
  number={2},
  pages={230--250},
  year={1980},
  publisher={SIAM}
}

@misc{zether,
    author = {Benjamin E. Diamond},
    title = {``{M}any-out-of-Many" Proofs with Applications to Anonymous {Z}ether (Применение доказательств по «многим из многих» в анонимной системе Zether)},
    howpublished = {Cryptology ePrint Archive, Report 2020/293},
    year = {2020},
    note = {\url{https://eprint.iacr.org/2020/293}},
}

@InProceedings{dodis,
author="Dodis, Yevgeniy
and Yampolskiy, Aleksandr",
editor="Vaudenay, Serge",
title="A Verifiable Random Function with Short Proofs and Keys (Верифицируемая случайная функция с компактными доказательствами и ключами)",
booktitle="Public Key Cryptography - PKC 2005",
year="2005",
publisher="Springer Berlin Heidelberg",
address="Berlin, Heidelberg",
pages="416--431",
isbn="978-3-540-30580-4"
}

@InProceedings{cramer,
author="Cramer, Ronald
and Damg{\aa}rd, Ivan
and Schoenmakers, Berry",
editor="Desmedt, Yvo G.",
title="Proofs of Partial Knowledge and Simplified Design of Witness Hiding Protocols (Доказательства частичного знания и упрощённая реализация протоколов сокрытия свидетельства)",
booktitle="Advances in Cryptology --- CRYPTO '94",
year="1994",
publisher="Springer Berlin Heidelberg",
address="Berlin, Heidelberg",
pages="174--187",
isbn="978-3-540-48658-9"
}
