@misc{cryptonote,
title = {CryptoNote v2.0},
author = {Nicolas van Saberhagen},
year = {2013}
}

@misc{pr,
title = {Subaddresses (Субадреса)},
author = {Monero project},
howpublished = {\url{https://github.com/monero-project/monero/pull/2056}},
note = {GitHub pull request \#2056}
}

@article{uniform,
  title={Uniform distribution and sum modulo m of independent random variables (Равномерное распределение и сумма по m-модулю независимых случайных величин)},
  author={Scozzafava, Paola},
  journal={Statistics \& Probability Letters},
  volume={18},
  number={4},
  pages={313--314},
  year={1993},
  publisher={Elsevier}
}
