@article{nakamoto2008bitcoin,
  title={{B}itcoin: {A} peer-to-peer electronic cash system},
  author={Nakamoto, Satoshi}
}

@article{noether2016ring,
  title={Ring confidential transactions (Кольцевые конфиденциальные транзакции)},
  author={Noether, Shen and Mackenzie, Adam and others},
  journal={Ledger},
  volume={1},
  pages={1--18},
  year={2016}
}

@inproceedings{ristenpart2007power,
  title={The power of proofs-of-possession: Securing multiparty signatures against rogue-key attacks (Сильная сторона доказательства владения: обеспечение безопасности подписей с привлечением множества сторон против атак с кражей ключа)},
  author={Ristenpart, Thomas and Yilek, Scott},
  booktitle={Annual International Conference on the Theory and Applications of Cryptographic Techniques},
  pages={228--245},
  year={2007},
  organization={Springer}
}

@article{back2014enabling,
  title={Enabling blockchain innovations with pegged sidechains (Инновация в области блокчейн технологии – искуственно поддерживаемые побочные блокчейны)},
  author={Back, Adam and Corallo, Matt and Dashjr, Luke and Friedenbach, Mark and Maxwell, Gregory and Miller, Andrew and Poelstra, Andrew and Tim{\'o}n, Jorge and Wuille, Pieter},
  journal={URL: http://www. opensciencereview. com/papers/123/enablingblockchain-innovations-with-pegged-sidechains},
  year={2014}
}

@article{qian2010non,
  title={Non-interactive multisignatures in the plain public-key model with efficient verification (Неинтерактивные мультиподписи в рамках простой модели публичных ключей с эффективной верификацией)},
  author={Qian, Haifeng and Xu, Shouhuai},
  journal={Information Processing Letters},
  volume={111},
  number={2},
  pages={82--89},
  year={2010},
  publisher={Elsevier}
}

@inproceedings{okamoto1992provably,
  title={Provably secure and practical identification schemes and corresponding signature schemes (Доказуемо безопасные и практичные схемы идентификации и соответствующие схемы подписей)},
  author={Okamoto, Tatsuaki},
  booktitle={Annual International Cryptology Conference},
  pages={31--53},
  year={1992},
  organization={Springer}
}

@misc{backLSAG,
  title = {Ring Signature Efficiency (Эффективность кольцевых подписей)},
  author = {Back, A.},
  year = {2015},
  howpublished = {\url{https://bitcointalk.org/index.php?topic=\%20972541.msg10619684#msg10619684}},
  note = {Accessed: 16-03-2018}
}


@misc{maxwell2018simple,
   title={Simple {S}chnorr Multi-Signatures with Applications to {B}itcoin (Простые мультиподписи Шнорра и их применение в {B}itcoin)},
   author={Maxwell, Gregory and Poelstra, Andrew and Seurin, Yannick and Wuille, Pieter},
   year={2018},
   howpublished = {Cryptology ePrint Archive, Report 1990/001},
   note         = {\url{https://eprint.iacr.org/2018/068.pdf}}
}



@article{schnorr1991efficient,
  title={Efficient signature generation by smart cards (Эффективное генерирование подписей смарт-картами)},
  author={Schnorr, Claus-Peter},
  journal={Journal of cryptology},
  volume={4},
  number={3},
  pages={161--174},
  year={1991},
  publisher={Springer}
}
@inproceedings{paillier2005discrete,
  title={Discrete-log-based signatures may not be equivalent to discrete log},
  author={Paillier, Pascal and Vergnaud, Damien},
  booktitle={International Conference on the Theory and Application of Cryptology and Information Security},
  pages={1--20},
  year={2005},
  organization={Springer}
}

@inproceedings{bellare2006multi,
  title={Multi-signatures in the plain public-key model and a general forking lemma (Мультиподписи в рамках простой модели публичных ключей и общая лемма реализации форков)},
  author={Bellare, Mihir and Neven, Gregory},
  booktitle={Proceedings of the 13th ACM conference on Computer and communications security},
  pages={390--399},
  year={2006},
  organization={ACM}
}
@inproceedings{micali2001accountable,
  title={Accountable-subgroup multisignatures},
  author={Micali, Silvio and Ohta, Kazuo and Reyzin, Leonid},
  booktitle={Proceedings of the 8th ACM conference on Computer and Communications Security},
  pages={245--254},
  year={2001},
  organization={ACM}
}

@inproceedings{miers2013zerocoin,
  title={Zerocoin: Anonymous distributed e-cash from {b}itcoin (Zerocoin: анонимная распределённая электронная валюта на базе Bitcoin)},
  author={Miers, Ian and Garman, Christina and Green, Matthew and Rubin, Aviel D},
  booktitle={Security and Privacy (SP), 2013 IEEE Symposium on},
  pages={397--411},
  year={2013},
  organization={IEEE}
}

@inproceedings{liu2004linkable,
  title={Linkable spontaneous anonymous group signature for ad hoc groups (Связываемая подпись спонтанной анонимной группы для случайно создаваемых групп)},
  author={Liu, Joseph K and Wei, Victor K and Wong, Duncan S},
  booktitle={ACISP},
  volume={4},
  pages={325--335},
  year={2004},
  organization={Springer}
}

@article{ruffct2,
 title={Foundations of Ring Confidential Transactions (Основы кольцевых конфиденциальных транзакций)},
 author={Lai, Russel WF and Ronge, Viktoria and Ruffing, Tim and Schr{\"o}der, Dominique and Thyagarajan, Sri Aravinda Krishnan and Wang, Jiafan},
 year={2018},
 journal={In prep.},
}

@article{bernstein2012high,
  title={High-speed high-security signatures (Высокоскоростные и безопасные подписи)},
  author={Bernstein, Daniel J and Duif, Niels and Lange, Tanja and Schwabe, Peter and Yang, Bo-Yin},
  journal={Journal of Cryptographic Engineering},
  volume={2},
  number={2},
  pages={77--89},
  year={2012},
  publisher={Springer}
}

@article{rivest2001leak,
  title={How to leak a secret},
  author={Rivest, Ronald and Shamir, Adi and Tauman, Yael},
  journal={Advances in Cryptology, ASIACRYPT 2001},
  pages={552--565},
  year={2001},
  publisher={Springer}
}

@article{abe20021,
  title={1-out-of-n signatures from a variety of keys},
  author={Abe, Masayuki and Ohkubo, Miyako and Suzuki, Koutarou},
  journal={Advances in Cryptology, Asiacrypt 2002},
  pages={639--645},
  year={2002},
  publisher={Springer}
}

@inproceedings{yao1982protocols,
  title={Protocols for secure computations},
  author={Yao, Andrew C},
  booktitle={Foundations of Computer Science, 1982. SFCS'08. 23rd Annual Symposium on},
  pages={160--164},
  year={1982},
  organization={IEEE}
}

@inproceedings{goldreich1987play,
  title={How to play any mental game},
  author={Goldreich, Oded and Micali, Silvio and Wigderson, Avi},
  booktitle={Proceedings of the nineteenth annual ACM symposium on Theory of computing},
  pages={218--229},
  year={1987},
  organization={ACM}
}

@misc{cryptonote,
title = {{C}rypto{N}ote v2.0},
author = {van Saberhagen, Nicolas},
year = {2013}
}

@misc{van2013cryptonote,
  title={{C}rypto{N}ote v 2. 0},
  author={van Saberhagen, Nicolas},
  year={2013}
}

@misc{pr,
title = {Subaddresses},
author = {Monero project},
howpublished = "\url{https://github.com/monero-project/monero/pull/2056}",
note = {GitHub pull request \#2056}
}

@article{uniform,
  title={Uniform distribution and sum modulo m of independent random variables},
  author={Scozzafava, Paola},
  journal={Statistics \& Probability Letters},
  volume={18},
  number={4},
  pages={313--314},
  year={1993},
  publisher={Elsevier}
}


@inproceedings{pointcheval1996security,
  title={Security proofs for signature schemes},
  author={Pointcheval, David and Stern, Jacques},
  booktitle={Eurocrypt},
  volume={96},
  pages={387--398},
  year={1996},
  organization={Springer}
}


@misc{bonehcompact,
   title={Compact Multi-Signatures for Smaller Blockchains (Компактные мультиподписи для малых блокчейнов)},
   year={2018},
   author={Boneh, Dan and Drijvers, Manu and Neven, Gregory},
   howpublished = {Cryptology ePrint Archive, Report 1990/001},
   note         = {\url{https://eprint.iacr.org/2018/483}}
}

@techreport{drijvers2018okamoto,
  title={Okamoto Beats {S}chnorr: On the Provable Security of Multi-Signatures (Окамото побеждает Шнорра – к вопросу доказуемой безопасности мультиподписей)},
  author={Drijvers, Manu and Edalatnejad, Kasra and Ford, Bryan and Neven, Gregory},
  year={2018},
  institution={IACR Cryptology ePrint Archive, Report 2018/417, 2018. Available at http://eprint. iacr. org/2018/417}
}

@inproceedings{ohta1998concrete,
  title={On concrete security treatment of signatures derived from identification},
  author={Ohta, Kazuo and Okamoto, Tatsuaki},
  booktitle={Annual International Cryptology Conference},
  pages={354--369},
  year={1998},
  organization={Springer}
}


@inproceedings{bresson2002threshold,
  title={Threshold ring signatures and applications to ad-hoc groups (Пороговые кольцевые подписи и их применение в специализированных группах)},
  author={Bresson, Emmanuel and Stern, Jacques and Szydlo, Michael},
  booktitle={Annual International Cryptology Conference},
  pages={465--480},
  year={2002},
  organization={Springer}
}

@inproceedings{liu2003separable,
  title={A separable threshold ring signature scheme (Схема разделяемых пороговых кольцевых подписей)},
  author={Liu, Joseph K and Wei, Victor K and Wong, Duncan S},
  booktitle={International Conference on Information Security and Cryptology},
  pages={12--26},
  year={2003},
  organization={Springer}
}

@inproceedings{tsang2004separable,
  title={Separable Linkable Threshold Ring Signatures (Разделяемые связываемые пороговые кольцевые подписи)},
  author={Tsang, Patrick P and Wei, Victor K and Chan, Tony K and Au, Man Ho and Liu, Joseph K and Wong, Duncan S},
  booktitle={Indocrypt},
  volume={3348},
  pages={384--398},
  year={2004},
  organization={Springer}
}

@article{noether2018dlsag,
 title={Dual-Output Ring Signatures: Spender-ambiguous Cross-chain Confidential Atomic Swaps (Кольцевые подписи с двойным выходом: конфиденциальные атомные свопы между блокчейнами с сокрытием отправителя)},
 author={Noether, Sarang and Goodell, BG},
 journal={In prep.},
 year={2018}
}


@inproceedings{bernstein2006curve25519,
  title={Curve25519: new {D}iffie-{H}ellman speed records (Кривая Curve25519: новые скоростные рекорды Диффи-Хеллмана)},
  author={Bernstein, Daniel J},
  booktitle={International Workshop on Public Key Cryptography},
  pages={207--228},
  year={2006},
  organization={Springer}
}


@article{maxwell2015confidential,
  title={Confidential transactions (Конфиденциальные транзакции)},
  author={Maxwell, Gregory},
  journal={URL: https://people. xiph. org/\~{} greg/confidential\_values. txt (Accessed 08/24/2018)},
  year={2015}
}

@inproceedings{brassard1998quantum,
  title={Quantum cryptanalysis of hash and claw-free functions},
  author={Brassard, Gilles and H{\o}yer, Peter and Tapp, Alain},
  booktitle={Latin American Symposium on Theoretical Informatics},
  pages={163--169},
  year={1998},
  organization={Springer}
}

@inproceedings{bender2006ring,
  title={Ring signatures: Stronger definitions, and constructions without random oracles (Кольцевые подписи: более строгие определения и конструкции без использования случайных оракулов)},
  author={Bender, Adam and Katz, Jonathan and Morselli, Ruggero},
  booktitle={TCC},
  volume={6},
  pages={60--79},
  year={2006},
  organization={Springer}
}

@article{scozzafava1993uniform,
  title={Uniform distribution and sum modulo $m$ of independent random variables},
  author={Scozzafava, Paola},
  journal={Statistics \& probability letters},
  volume={18},
  number={4},
  pages={313--314},
  year={1993},
  publisher={Elsevier}
}

@misc{maxwell2015borromean,
  title={Borromean ring signatures},
  author={Maxwell, Gregory and Poelstra, Andrew},
  year={2015}
}

@misc{bonehthreshold,
   title={Threshold Cryptosystems From Threshold Fully Homomorphic Encryption (Пороговые криптосистемы на основе полного порогового гомоморфного шифрования)},
   author={Boneh, Dan and Gennaro, Rosario and Goldfeder, Steven and Jain, Aayush and Kim, Sam and Rasmussen, Peter MR and Sahai, Amit},
   year={2017},
   howpublished = {Cryptology ePrint Archive, Report 1990/001},
   note         = {\url{https://eprint.iacr.org/2017/956.pdf}}
}

@article{shamir1979share,
  title={How to share a secret},
  author={Shamir, Adi},
  journal={Communications of the ACM},
  volume={22},
  number={11},
  pages={612--613},
  year={1979},
  publisher={ACm}
}

@incollection{shamir1981mental,
  title={Mental poker},
  author={Shamir, Adi and Rivest, Ronald L and Adleman, Leonard M},
  booktitle={The mathematical gardner},
  pages={37--43},
  year={1981},
  publisher={Springer}
}
